@book{CGL,
	Author = {Cauchy, A.-L. and Gau√ü, C.F. and Leibniz, G.W.},
	Edition = {2. Auflage},
	Publisher = {Springer},
	Title = {Alle {B}eweise auf einen {S}chlag},
	Year = {1995}}

@article{ekman,
    author  = {Ekman, Paul and Friesen, Wallace V.},
    title   = "Measuring Facial Movement",
    year    = "1976",
    journal = "Environmental Psychology and Nonverbal Behavior"
}
